@article{1,
  title={多模态视觉语言表征学习研究综述},
  author={杜鹏飞 and 李小勇 and 高雅丽},
  journal={Journal of Software},
  volume={32},
  number={2},
  year={2021}
}

@article{2,
  title={多模态话语分析的理论基础与研究方法},
  author={朱永生},
  journal={外语学刊},
  number={5},
  pages={82--86},
  year={2007}
}

@article{somename,
  title={多模态课堂话语的模态配合研究},
  author={张德禄 and 李玉香},
  journal={外语与外语教学},
  number={1},
  pages={39--43},
  year={2012}
}